@Manual{R-base,
  title = {R: A Language and Environment for Statistical Computing},
  author = {{R Core Team}},
  organization = {R Foundation for Statistical Computing},
  address = {Vienna, Austria},
  year = {2019},
  url = {https://www.R-project.org/},
}
@Manual{R-dplyr,
  title = {dplyr: A Grammar of Data Manipulation},
  author = {Hadley Wickham and Romain François and Lionel Henry and Kirill Müller},
  year = {2019},
  note = {R package version 0.8.3},
  url = {https://CRAN.R-project.org/package=dplyr},
}
@Manual{R-forcats,
  title = {forcats: Tools for Working with Categorical Variables (Factors)},
  author = {Hadley Wickham},
  year = {2019},
  note = {R package version 0.4.0},
  url = {https://CRAN.R-project.org/package=forcats},
}
@Book{R-ggplot2,
  author = {Hadley Wickham},
  title = {ggplot2: Elegant Graphics for Data Analysis},
  publisher = {Springer-Verlag New York},
  year = {2016},
  isbn = {978-3-319-24277-4},
  url = {https://ggplot2.tidyverse.org},
}
@Manual{R-here,
  title = {here: A Simpler Way to Find Your Files},
  author = {Kirill Müller},
  year = {2017},
  note = {R package version 0.1},
  url = {https://CRAN.R-project.org/package=here},
}
@Manual{R-janitor,
  title = {janitor: Simple Tools for Examining and Cleaning Dirty Data},
  author = {Sam Firke},
  year = {2019},
  note = {R package version 1.2.0},
  url = {https://CRAN.R-project.org/package=janitor},
}
@Manual{R-kableExtra,
  title = {kableExtra: Construct Complex Table with 'kable' and Pipe Syntax},
  author = {Hao Zhu},
  year = {2019},
  note = {R package version 1.1.0},
  url = {https://CRAN.R-project.org/package=kableExtra},
}
@Book{R-knitr,
  title = {Dynamic Documents with {R} and knitr},
  author = {Yihui Xie},
  publisher = {Chapman and Hall/CRC},
  address = {Boca Raton, Florida},
  year = {2015},
  edition = {2nd},
  note = {ISBN 978-1498716963},
  url = {https://yihui.name/knitr/},
}
@Manual{R-papaja,
  author = {Frederik Aust and Marius Barth},
  title = {{papaja}: {Create} {APA} manuscripts with {R Markdown}},
  year = {2018},
  note = {R package version 0.1.0.9842},
  url = {https://github.com/crsh/papaja},
}
@Manual{R-purrr,
  title = {purrr: Functional Programming Tools},
  author = {Lionel Henry and Hadley Wickham},
  year = {2019},
  note = {R package version 0.3.3},
  url = {https://CRAN.R-project.org/package=purrr},
}
@Manual{R-readr,
  title = {readr: Read Rectangular Text Data},
  author = {Hadley Wickham and Jim Hester and Romain Francois},
  year = {2018},
  note = {R package version 1.3.1},
  url = {https://CRAN.R-project.org/package=readr},
}
@Manual{R-rio,
  title = {rio: A Swiss-army knife for data file I/O},
  author = {Chung-hong Chan and Geoffrey CH Chan and Thomas J. Leeper and Jason Becker},
  year = {2018},
  note = {R package version 0.5.16},
}
@Manual{R-stringr,
  title = {stringr: Simple, Consistent Wrappers for Common String Operations},
  author = {Hadley Wickham},
  year = {2019},
  note = {R package version 1.4.0},
  url = {https://CRAN.R-project.org/package=stringr},
}
@Manual{R-tibble,
  title = {tibble: Simple Data Frames},
  author = {Kirill Müller and Hadley Wickham},
  year = {2019},
  note = {R package version 2.1.3},
  url = {https://CRAN.R-project.org/package=tibble},
}
@Manual{R-tidyr,
  title = {tidyr: Tidy Messy Data},
  author = {Hadley Wickham and Lionel Henry},
  year = {2019},
  note = {R package version 1.0.0},
  url = {https://CRAN.R-project.org/package=tidyr},
}
@Manual{R-tidyverse,
  title = {tidyverse: Easily Install and Load the 'Tidyverse'},
  author = {Hadley Wickham},
  year = {2017},
  note = {R package version 1.2.1},
  url = {https://CRAN.R-project.org/package=tidyverse},
}
@article{garde_2012_bi,
  title={Bi-directional associations between psychological arousal, cortisol, and sleep},
  author={Garde, Anne Helene and Albertsen, Karen and Persson, Roger and Hansen, {\AA}se Marie and Rugulies, Reiner},
  journal={Behavioral Sleep Medicine},
  volume={10},
  number={1},
  pages={28--40},
  year={2012},
  publisher={Taylor \& Francis}
}
@article{mellman_2018_SNS,
  title={Neighborhood stress and autonomic nervous system activity during sleep},
  author={Mellman, Thomas Alan and Bell, Kimberly Ann and Abu-Bader, Soleman Hassan and Kobayashi, Ihori},
  journal={Sleep},
  volume={41},
  number={6},
  pages={zsy059},
  year={2018},
  publisher={Oxford University Press US}
}
@article{cohen2007_psych,
  title={Psychological stress and disease},
  author={Cohen, Sheldon and Janicki-Deverts, Denise and Miller, Gregory E},
  journal={Jama},
  volume={298},
  number={14},
  pages={1685--1687},
  year={2007},
  publisher={American Medical Association}
}
@article{fuligni2006daily,
  title={Daily variation in adolescents' sleep, activities, and psychological well-being},
  author={Fuligni, Andrew J and Hardway, Christina},
  journal={Journal of Research on Adolescence},
  volume={16},
  number={3},
  pages={353--378},
  year={2006},
  publisher={Wiley Online Library}
}
@article{tsai2004sleep,
  title={Sleep patterns in college students: Gender and grade differences},
  author={Tsai, Ling-Ling and Li, Sheng-Ping},
  journal={Journal of psychosomatic research},
  volume={56},
  number={2},
  pages={231--237},
  year={2004},
  publisher={Elsevier}
}
@article{doane2015multi,
  title={Multi-method assessments of sleep over the transition to college and the associations with depression and anxiety symptoms},
  author={Doane, Leah D and Gress-Smith, Jenna L and Breitenstein, Reagan S},
  journal={Journal of youth and adolescence},
  volume={44},
  number={2},
  pages={389--404},
  year={2015},
  publisher={Springer}
}
@article{sladek2015daily,
  title={Daily diary reports of social connection, objective sleep, and the cortisol awakening response during adolescents’ first year of college},
  author={Sladek, Michael R and Doane, Leah D},
  journal={Journal of youth and adolescence},
  volume={44},
  number={2},
  pages={298--316},
  year={2015},
  publisher={Springer}
}
@article{galambos2009losing,
  title={Losing sleep over it: Daily variation in sleep quantity and quality in Canadian students' first semester of university},
  author={Galambos, Nancy L and Dalton, Andrea L and Maggs, Jennifer L},
  journal={Journal of research on adolescence},
  volume={19},
  number={4},
  pages={741--761},
  year={2009},
  publisher={Wiley Online Library}
}
@article{hunt2003all,
  title={All-cause and cardiovascular mortality among Mexican-American and non-Hispanic White older participants in the San Antonio Heart Study—evidence against the “Hispanic paradox”},
  author={Hunt, Kelly J and Resendez, Roy G and Williams, Ken and Haffner, Steve M and Stern, Michael P and Hazuda, Helen P},
  journal={American Journal of Epidemiology},
  volume={158},
  number={11},
  pages={1048--1057},
  year={2003},
  publisher={Oxford University Press}
}
@article{howrey2012self,
  title={Self-Reported Sleep Characteristics and Mortality in Older Adults of Mexican Origin: Results from the H ispanic E stablished P opulation for the E pidemiologic S tudy of the E lderly},
  author={Howrey, Bret T and Peek, M Kristen and Raji, Mukaila A and Ray, Laura A and Ottenbacher, Kenneth J},
  journal={Journal of the American Geriatrics Society},
  volume={60},
  number={10},
  pages={1906--1911},
  year={2012},
  publisher={Wiley Online Library}
}
@article{jean2000sleep,
  title={Sleep duration, illumination, and activity patterns in a population sample: effects of gender and ethnicity},
  author={Jean-Louis, Girardin and Kripke, Daniel F and Ancoli-Israel, Sonia and Klauber, Melville R and Sepulveda, Raul S},
  journal={Biological psychiatry},
  volume={47},
  number={10},
  pages={921--927},
  year={2000},
  publisher={Elsevier}
}
@article{loredo2010sleep,
  title={Sleep health in US Hispanic population},
  author={Loredo, Jose S and Soler, Xavier and Bardwell, Wayne and Ancoli-Israel, Sonia and Dimsdale, Joel E and Palinkas, Lawrence A},
  journal={Sleep},
  volume={33},
  number={7},
  pages={962--967},
  year={2010},
  publisher={Oxford University Press}
}
@article{knutson2010sleep,
  title={Sleep duration and cardiometabolic risk: a review of the epidemiologic evidence},
  author={Knutson, Kristen L},
  journal={Best practice \& research Clinical endocrinology \& metabolism},
  volume={24},
  number={5},
  pages={731--743},
  year={2010},
  publisher={Elsevier}
}
@article{krueger2009sleep,
  title={Sleep duration in the United States: a cross-sectional population-based study},
  author={Krueger, Patrick M and Friedman, Elliot M},
  journal={American journal of epidemiology},
  volume={169},
  number={9},
  pages={1052--1063},
  year={2009},
  publisher={Oxford University Press}
}
@article{pedraza2012sleep,
  title={Sleep quality and sleep problems in Mexican Americans aged 75 and older},
  author={Pedraza, Sandra and Al Snih, Soham and Ottenbacher, Kenneth J and Markides, Kyriakos S and Raji, Mukaila A},
  journal={Aging clinical and experimental research},
  volume={24},
  number={4},
  pages={391--397},
  year={2012},
  publisher={Springer}
}
@article{fuligni2015daily,
  title={Daily concordance between parent and adolescent sleep habits},
  author={Fuligni, Andrew J and Tsai, Kim M and Krull, Jennifer L and Gonzales, Nancy A},
  journal={Journal of Adolescent Health},
  volume={56},
  number={2},
  pages={244--250},
  year={2015},
  publisher={Elsevier}
}
@article{yim2015experimental,
  title={Experimental manipulation of the Trier Social Stress Test-Modified (TSST-M) to vary arousal across development},
  author={Yim, Ilona S and Quas, Jodi A and Rush, Elizabeth B and Granger, Douglas A and Skoluda, Nadine},
  journal={Psychoneuroendocrinology},
  volume={57},
  pages={61--71},
  year={2015},
  publisher={Elsevier}
}